% Encoding: UTF-8

@techreport{anssi.2019/38,
  author = {ANSSI},
  title  = {{Rapport de certification ANSSI-CC-2019/38 Cryptosmart-SIM card (Version 5.1)}},
  year   = {2019},
  url    = {https://www.ssi.gouv.fr/uploads/2020/01/anssi-cc-2019-38fr.pdf}
}

@techreport{anssi.2016/69,
  author = {ANSSI},
  title  = {{Rapport de certification ANSSI-CC-2016/69 Cryptosmart Card applet V5.1 sur la plateforme OBERTHUR ID-ONE COSMO V7.0.1-R2, version 816}},
  year   = {2016},
  url    = {https://www.ssi.gouv.fr/uploads/2016/11/anssi-cc-2016_69fr.pdf}
}

@techreport{anssi.2012/71,
  author = {ANSSI},
  title  = {{Rapport de certification ANSSI-CC-2012/71 Cryptosmart card v5.0 sur plateforme Oberthur ID-One Cosmo v7.0.1-n avec correctif 077121}},
  year   = {2012},
  url    = {https://www.ssi.gouv.fr/uploads/IMG/certificat/ANSSI-CC_2012-71fr.pdf}
}

@techreport{anssi.2018/23,
  author = {ANSSI},
  title  = {{Rapport de certification ANSSI-CC-2018/23 CRYPTOBOX(version 2.1.48)}},
  year   = {2018},
  url    = {https://www.ssi.gouv.fr/uploads/2018/06/anssi-cc-2018_23fr.pdf}
}

@techreport{cible.csmart.card.51,
  author      = {Julien Kowalski},
  title       = {{Cryptosmart Card 5.1 public security target}},
  institution = {Ercom},
  year        = {2016},
  url         = {https://www.ssi.gouv.fr/uploads/2016/11/cible-lite_2016_69.pdf}
}

@techreport{cible.csmart.card.50,
  author      = {Julien Kowalski},
  title       = {{Cryptosmart Card 5.0 security target}},
  institution = {Ercom},
  year        = {2012},
  url         = {https://www.ssi.gouv.fr/uploads/IMG/certificat/ANSSI-CC-cible_2012-71en.pdf}
}

@techreport{cible.cryptobox,
  author      = {Julien Kowalski},
  title       = {{Cryptobox v2.1 security target}},
  institution = {Ercom},
  year        = {2018},
  url         = {https://www.ssi.gouv.fr/uploads/2018/06/anssi-cible-cc-2018_23en.pdf}
}

@patent{pat.card.auth,
  nationality = {Fr},
  number      = {FR3024002},
  year        = {2016},
  yearfiled   = {2014},
  author      = {Julien Kowalski},
  title       = {Procédé d'authentification d'un dispositif comprenant un processeur et une carte à puce par génération d'un motif},
  day         = {26},
  dayfiled    = {25},
  month       = jul,
  monthfiled  = jan,
  url         = {https://bases-brevets.inpi.fr/fr/document/FR2986124.html},
  x-country   = {FR},
  x-language  = {fr}
}

@patent{pat.save,
  nationality = {Fr},
  number      = {FR2986124},
  year        = {2013},
  yearfiled   = {2012},
  author      = {Martin Balc'h and Julien Kowalski and Eric Laubacher and Renaud Lehoux},
  title       = {Procédé de sauvegarde d'un secret d'un utilisateur et procédé de restauration d'un secret d'un utilisateur},
  day         = {22},
  dayfiled    = {21},
  month       = jan,
  monthfiled  = jul,
  url         = {https://bases-brevets.inpi.fr/fr/document/FR3024002.html},
  x-country   = {FR},
  x-language  = {fr}
}

@Comment{jabref-meta: databaseType:bibtex;}
